@misc{uu22,
    author  = "{Government of Republic Indonesia}",
    title   = "{Undang-undang Republik Indonesia Nomor 22 Tahun 2009 Tentang Lalu Lintas dan Angkutan Jalan}",
    year    = 2009,
}

@misc{bps,
	author = "{Central Bureau of Statistics of DKI Jakarta Province}",
	title = "{Statistik Transportasi DKI Jakarta 2015}",
	note = "Retrieved June 10, 2016", 
	year = "2015",
	howpublished = {\url{http://jakarta.bps.go.id/backend/pdf_publikasi/Statistik-Transportasi-DKI-Jakarta-2015.pdf}}
}

@inproceedings{jog2012pothole,
	title = {Pothole properties measurement through visual 2D recognition and 3D reconstruction},
	author = {Jog, GM and Koch, C and Golparvar-Fard, M and Brilakis, I},
	booktitle = {Proceedings of the ASCE International Conference on Computing in Civil Engineering},
	pages = {553--560},
	year = {2012}
}

@inproceedings{jiaqiu2009research,
	title = {Research on automatic identification method of pavement sag deformation},
	author = {Jiaqiu, Wang and Songlin, Ma and Li, Jiang},
	booktitle = "{Proc. of the 9th Intl. Conference of Chinese Transportation Professionals (ICCTP)}",
	pages = {2761--2766},
	year = {2009}
}

@inproceedings{yu2011pavement,
	title = {Pavement pothole detection and severity measurement using laser imaging},
	author = {Yu, X and Salari, E},
	booktitle = "{Electro/Information Technology (EIT), 2011 IEEE International Conference on}",
	pages = {1--5},
	year = {2011},
	organization = {IEEE}
}

@article{vittorio2014automated,
	title = {Automated sensing system for monitoring of road surface quality by mobile devices},
	author = {Vittorio, Astarita and Rosolino, Vaiana and Teresa, Iuele and Vittoria, Caruso Maria and Vincenzo, P Giofr{\`e} and others},
	journal = "{Procedia-Social and Behavioral Sciences}",
	volume = {111},
	pages = {242--251},
	year = {2014},
	publisher = {Elsevier}
}

@inproceedings{eriksson2008pothole,
	title = {The pothole patrol: using a mobile sensor network for road surface monitoring},
	author = {Eriksson, Jakob and Girod, Lewis and Hull, Bret and Newton, Ryan and Madden, Samuel and Balakrishnan, Hari},
	booktitle = "{Proceedings of the 6th international conference on Mobile systems, applications, and services}",
	pages = {29--39},
	year = {2008},
	organization = {ACM}
}

@inproceedings{gunawan2015vibratory,
	title = {A vibratory-based method for road damage classification},
	author = {Gunawan, Fergyanto E and Soewito, Benfano and Yanfi},
	booktitle = "{Intelligent Technology and Its Applications (ISITIA), 2015 International Seminar on}",
	pages = {1--4},
	year = {2015},
	organization={IEEE},
	doi = {10.1109/isitia.2015.7219943}
}

@inproceedings{de2007public,
	title = {A public transport system based sensor network for road surface condition monitoring},
	author = {De Zoysa, Kasun and Keppitiyagama, Chamath and Seneviratne, Gihan P and Shihan, WWAT},
	booktitle = "{Proceedings of the 2007 workshop on Networked systems for developing regions}",
	pages = {9},
	year = {2007},
	organization = {ACM}
}

@article{liao1994neural,
	title = {A neural network approach for grinding processes: modelling and optimization},
	author = {Liao, T Warren and Chen, LJ},
	journal = "{International Journal of Machine Tools and Manufacture}",
	volume = {34},
	number = {7},
	pages = {919--937},
	year = {1994},
	publisher = {Elsevier}
}

@misc{website:CS231n,	
	author = "{Stanford University}",
	title = "{CS231n: Convolutional Neural Networks for Visual Recognition}",
	month = "August",
	year = {2016},
	howpublished = {\url{http://cs231n.github.io/neural-networks-1}}
}

@misc{website:android-motion,	
	author = "{Android Developer}",
	title = "{Motion Sensors | Android Developer}",
	month = "August",
	year = {2016},
	howpublished = {\url{https://developer.android.com/guide/topics/sensors/sensors\_motion.html}}
}

@article{mukherjee2016characterisation,
	title = "{Characterisation of road bumps using smartphones}",
	author = {Mukherjee, Abhijit and Majhi, Subhra},
	journal = {European Transport Research Review},
	volume = {8},
	number = {2},
	pages = {1--12},
	year = {2016},
	publisher = {Springer}
}

@inproceedings{mednis2011real,
	title = "{Real time pothole detection using android smartphones with accelerometers}",
	author = {Mednis, Artis and Strazdins, Girts and Zviedris, Reinholds and Kanonirs, Georgijs and Selavo, Leo},
	booktitle = {2011 International Conference on Distributed Computing in Sensor Systems and Workshops (DCOSS)},
	pages = {1--6},
	year = {2011},
	organization = {IEEE}
}

@article{savitzky1964smoothing,
	title = "{Smoothing and differentiation of data by simplified least squares procedures}",
	author = {Savitzky, Abraham and Golay, Marcel JE},
	journal = {Analytical chemistry},
	volume = {36},
	number = {8},
	pages = {1627--1639},
	year = {1964},
	publisher = {ACS Publications}
}

@article{cooley1965algorithm,
	title = "{An algorithm for the machine calculation of complex Fourier series}",
	author = {Cooley, James W and Tukey, John W},
	journal = {Mathematics of computation},
	volume = {19},
	number = {90},
	pages = {297--301},
	year = {1965},
	publisher = {JSTOR}
}

@article{rockmore2000fft,
	title = "{The FFT: An algorithm the whole family can use}",
	author = {Rockmore, Daniel N},
	journal = {Computing in Science \& Engineering},
	volume = {2},
	number = {1},
	pages = {60--64},
	year = {2000},
	publisher = {AIP Publishing}
}

@article{hornik1989multilayer,
	title = "{Multilayer feedforward networks are universal approximators}",
	author = {Hornik, Kurt and Stinchcombe, Maxwell and White, Halbert},
	journal = {Neural networks},
	volume = {2},
	number = {5},
	pages = {359--366},
	year = {1989},
	publisher = {Elsevier}
}

@article{rumelhart1988learning,
	title = "{Learning representations by back-propagating errors}",
	author = {Rumelhart, David E and Hinton, Geoffrey E and Williams, Ronald J},
	journal = {Cognitive modeling},
	volume = {5},
	number = {3},
	pages = {1},
	year = {1988}
}

@article{douangphachanh2013study,
	title = "{A study on the use of smartphones for road roughness condition estimation}",
	author = {Douangphachanh, Viengnam and Oneyama, Hiroyuki},
	journal = {Journal of the Eastern Asia Society for Transportation Studies},
	volume = {10},
	number = {0},
	pages = {1551--1564},
	year = {2013},
	publisher = {Eastern Asia Society for Transportation Studies}
}